%    _       _   _    _
%   /_\  _ _| |_(_)__| |___ ___
%  / _ \| '_|  _| / _| / -_|_-<
% /_/ \_\_|  \__|_\__|_\___/__/


@article{smith2001men,
  title={Men and women online: What makes them click?},
  author={Smith, S. M. and Whitlark, D. B.},
  journal={Marketing Research},
  volume={13},
  number={2},
  pages={20},
  year={2001},
  publisher={American Marketing Association}
}

@article{amichai2010social,
  title={Social network use and personality},
  author={Amichai-Hamburger, Y. and Vinitzky, G.},
  journal={Computers in human behavior},
  volume={26},
  number={6},
  pages={1289--1295},
  year={2010},
  publisher={Elsevier}
}

@article{pazzaglia2000differenze,
  title={Differenze individuali nella rappresentazione dello spazio e nell'abilit{\`a} di orientamento: Presentazione di un questionario autovalutativo},
  author={Pazzaglia, F. and Cornoldi, C. and De Beni, R.},
  journal={Giornale italiano di psicologia},
  volume={27},
  number={3},
  pages={627--650},
  year={2000},
  publisher={Societ{\`a} editrice il Mulino}
}

@article{nori2006predicting,
  title={Predicting cognitive styles from spatial abilities},
  author={Nori, R. and Giusberti, F.},
  journal={The American journal of psychology},
  pages={67--86},
  year={2006},
  publisher={JSTOR}
}

@article{nori2010familiarity,
  title={Familiarity and spatial cognitive style: How important are they for spatial representation},
  author={Nori, R. and Piccardi, L.},
  journal={Spatial memory: Visuospatial processes, cognitive performance and developmental effects},
  pages={123--144},
  year={2011},
  publisher={Nova Publisher New York, NY}
}


@article{piccardi2016navigational,
  title={Navigational Style Influences Eye Movement Pattern during Exploration and Learning of an Environmental Map},
  author={Piccardi, L. and De Luca, M. and Nori, R. and Palermo, L. and Iachini, F. and Guariglia, C.},
  journal={Frontiers in Behavioral Neuroscience},
  volume={10},
  year={2016},
  publisher={Frontiers Media SA}
}


%  ___                        _ _
% | _ \_ _ ___  __ ___ ___ __| (_)_ _  __ _ ___
% |  _/ '_/ _ \/ _/ -_) -_) _` | | ' \/ _` (_-<
% |_| |_| \___/\__\___\___\__,_|_|_||_\__, /__/
%                                     |___/

@inproceedings{kinley2010impact,
  title={The impact of usersâ€™ cognitive style on their navigational behaviors in web searching},
  author={Kinley, K. and Tjondronegoro, D. W.},
  booktitle={Proceedings of 15th Australasian Document Computing Symposium},
  pages={68--75},
  year={2010},
  organization={School of Computer Science and IT, RMIT University}
}
